% references.bib - Bibliography for StoryHouse.vip whitepaper
% Add academic papers, reports, and other sources here

@article{nakamoto2008bitcoin,
  title={Bitcoin: A peer-to-peer electronic cash system},
  author={Nakamoto, Satoshi},
  journal={Decentralized business review},
  pages={21260},
  year={2008}
}

@article{buterin2014ethereum,
  title={Ethereum: A next-generation smart contract and decentralized application platform},
  author={Buterin, Vitalik},
  journal={White paper},
  year={2014}
}

@misc{storyprotocol2024,
  title={Story Protocol: Programmable IP Infrastructure},
  author={{Story Protocol Team}},
  year={2024},
  url={https://docs.storyprotocol.org}
}

@report{pwc2023creator,
  title={Creator Economy Report 2023},
  author={{PwC}},
  year={2023},
  institution={PricewaterhouseCoopers}
}

@report{grandview2023publishing,
  title={Book Publishing Market Size, Share \& Trends Analysis Report},
  author={{Grand View Research}},
  year={2023},
  institution={Grand View Research}
}

@article{openai2023gpt4,
  title={GPT-4 Technical Report},
  author={{OpenAI}},
  journal={arXiv preprint arXiv:2303.08774},
  year={2023}
}

@misc{influencermarketinghub2023creator,
  title={The State of the Creator Economy Report 2023},
  author={{Influencer Marketing Hub}},
  year={2023},
  url={https://influencermarketinghub.com/creator-economy-report/}
}

@article{catalini2020some,
  title={Some simple economics of the blockchain},
  author={Catalini, Christian and Gans, Joshua S},
  journal={Communications of the ACM},
  volume={63},
  number={7},
  pages={80--90},
  year={2020},
  publisher={ACM New York, NY, USA}
}

@inproceedings{chen2019survey,
  title={A survey on ethereum systems security: Vulnerabilities, attacks, and defenses},
  author={Chen, Huashan and Pendleton, Marcus and Njilla, Laurent and Xu, Shouhuai},
  booktitle={ACM Computing Surveys},
  volume={53},
  number={3},
  pages={1--43},
  year={2020},
  organization={ACM}
}

@misc{deloitte2023web3,
  title={Web3: Charting the Internet's Next Economic and Cultural Frontier},
  author={{Deloitte}},
  year={2023},
  institution={Deloitte Insights}
}

@article{benet2014ipfs,
  title={IPFS-content addressed, versioned, P2P file system},
  author={Benet, Juan},
  journal={arXiv preprint arXiv:1407.3561},
  year={2014}
}

@report{mckinsey2022creator,
  title={The creator economy: A deep dive into the passion economy},
  author={{McKinsey \& Company}},
  year={2022},
  institution={McKinsey Global Institute}
}

@misc{cloudflare2023r2,
  title={Cloudflare R2 Storage: Zero Egress Fees},
  author={{Cloudflare}},
  year={2023},
  url={https://developers.cloudflare.com/r2/}
}

@article{wood2014ethereum,
  title={Ethereum: A secure decentralised generalised transaction ledger},
  author={Wood, Gavin},
  journal={Ethereum project yellow paper},
  volume={151},
  number={2014},
  pages={1--32},
  year={2014}
}

@misc{nftstorage2023decentralized,
  title={Decentralized Storage for NFTs},
  author={{NFT.Storage}},
  year={2023},
  url={https://nft.storage/}
}

% Add more references as needed for specific claims and data points